@conference{SIGGRAPH2009,
    author={J.M.P. van Waveren},
    title       = {From Texture Virtualizaton to Massive Parallelization},
    booktitle   = {id Tech 5 Challenges},
    year        = {2009},
    note={\url{http://mrl.cs.vsb.cz/people/gaura/agu/05-JP_id_Tech_5_Challenges.pdf}}
    
}

@ARTICLE{locality,
    author = {Alin Jula, Lawerence Rauchwerger},
    title = {Two Memory Allocators that Use Hints to Improve Locality},
    journal = {Texas A\&M University},
    year = {2009},
}

@BOOK{kalloc,
    author = {Mel Gorman},
    editor = {Bruce Perens},
    title = {Understanding the Linux Virtual Memory Manager},
    publisher = {Prentice Hall},
    year = {2004},
}

@BOOK{cppstl,
    author = {Nicolai M. Josuttis},
    editor = {Addison-Wesley},
    title = {The C++ Standard Library},
    publisher = {Addison-Wesley},
    year = {2005},
}

@ARTICLE{johnson,
    author = {T. Johsson and T. Davis},
    title = {Space efficient parallel buddy memory management},
    journal = {Proceedings of the Fourth IEEE Internations Conference on
        Computing and Information (ICCI'92)},
    year = {1992},
    otherinfo = {pp. 128-132}
}<++>


